<record><leader>00000cas a22000007a 4500</leader><controlfield tag="001">15742169</controlfield><controlfield tag="008">870528d19471971inuwr ne      0    0eng d</controlfield><datafield ind1=" " ind2=" " tag="010"><subfield code="a">sn 87056229 </subfield></datafield><datafield ind1=" " ind2=" " tag="040"><subfield code="a">NPI</subfield><subfield code="b">eng</subfield><subfield code="c">NPI</subfield><subfield code="d">NSD</subfield><subfield code="d">OCLCQ</subfield></datafield><datafield ind1=" " ind2=" " tag="042"><subfield code="a">msc</subfield></datafield><datafield ind1="0" ind2=" " tag="130"><subfield code="a">News-mirror (Bourbon, Ind. : 1947)</subfield></datafield><datafield ind1="1" ind2="0" tag="245"><subfield code="a">News-mirror.</subfield></datafield><datafield ind1=" " ind2=" " tag="260"><subfield code="a">Bourbon, Marshall County, Ind. :</subfield><subfield code="b">Reese Harper Price,</subfield><subfield code="c">1947-1971.</subfield></datafield><datafield ind1=" " ind2=" " tag="310"><subfield code="a">Weekly</subfield></datafield><datafield ind1="0" ind2=" " tag="362"><subfield code="a">Vol. 76, no. 29 (May 15, 1947)-v. 101, no. 28 (July 15, 1971).</subfield></datafield><datafield ind1=" " ind2=" " tag="752"><subfield code="a">United States</subfield><subfield code="b">Indiana</subfield><subfield code="c">Marshall</subfield><subfield code="d">Bourbon.</subfield></datafield><datafield ind1="0" ind2="0" tag="780"><subfield code="t">Bourbon news mirror (Bourbon, Ind. : 1946)</subfield><subfield code="w">(DLC)sn 87056228</subfield></datafield><datafield ind1="0" ind2="0" tag="785"><subfield code="t">Bourbon news-mirror (Bourbon, Ind. : 1971)</subfield><subfield code="x">1042-5225</subfield><subfield code="w">(DLC)sn 87056230</subfield></datafield></record>